<?xml version="1.0" encoding="UTF-8"?><collection xmlns="http://www.loc.gov/MARC21/slim"><record><leader>00444nam--2200145-i-4500</leader><controlfield tag="001">000027871</controlfield><controlfield tag="002">20161230</controlfield><controlfield tag="005">20161230201037</controlfield><controlfield tag="008">060222s1000------------r-----000-0-eng-d</controlfield><datafield ind1=" " ind2=" " tag="080"><subfield code="a">543.51:535.853</subfield></datafield><datafield ind1=" " ind2=" " tag="100"><subfield code="a">Lederberg, Joshua</subfield></datafield><datafield ind1=" " ind2=" " tag="245"><subfield code="a">Computation of molecular formulas for mass spectrometry</subfield></datafield><datafield ind1=" " ind2=" " tag="260"><subfield code="a">San Francisco, Holden-day, Inc., 1964, Vii =+ 69p</subfield></datafield><datafield ind1=" " ind2=" " tag="490"><subfield code="a">Holden-day Series In Physical Techniques In Chemistry</subfield></datafield><datafield ind1=" " ind2=" " tag="852"><subfield code="a">25974</subfield></datafield></record></collection>